<?xml version="1.0" encoding="UTF-8"?><collection xmlns="http://www.loc.gov/MARC21/slim"><record><leader>00630nam--2200205-i-4500</leader><controlfield tag="001">000020537</controlfield><controlfield tag="002">20161230</controlfield><controlfield tag="005">20161230201033</controlfield><controlfield tag="008">060222s1000------------r-----000-0-eng-d</controlfield><datafield ind1=" " ind2=" " tag="020"><subfield code="a">3540581979</subfield></datafield><datafield ind1=" " ind2=" " tag="040"><subfield code="a">IFIN-HH</subfield></datafield><datafield ind1=" " ind2=" " tag="080"><subfield code="a">538.911</subfield></datafield><datafield ind1="1" ind2=" " tag="100"><subfield code="a">Ivchenko, E.L</subfield></datafield><datafield ind1="1" ind2="0" tag="245"><subfield code="a">Superlattices and other heterostructures</subfield><subfield code="b">Symmetry and optical phenomena translated by g.p. skrebtsov</subfield><subfield code="c">E.l. ivchenko, g.e. pikus</subfield></datafield><datafield ind1=" " ind2=" " tag="260"><subfield code="a">Berlin</subfield><subfield code="b">Springer-verlag</subfield><subfield code="c">1995</subfield></datafield><datafield ind1=" " ind2=" " tag="300"><subfield code="a">XI+370 P</subfield></datafield><datafield ind1=" " ind2=" " tag="490"><subfield code="a">Springer Series In Solid-state Sciences</subfield><subfield code="v">Vol. 110</subfield></datafield><datafield ind1="1" ind2=" " tag="700"><subfield code="a">Pikus, G.E</subfield></datafield><datafield ind1=" " ind2=" " tag="852"><subfield code="a">46526</subfield><subfield code="c">539.2</subfield></datafield><datafield ind1=" " ind2=" " tag="CAT"><subfield code="a">Sys</subfield><subfield code="c">20121030</subfield><subfield code="h">112441</subfield></datafield></record></collection>